@book{bib:forecastingprinciples,
	title={Forecasting: principles and practice},
	author={Hyndman, R},
	isbn={0987507117},
	url={https://otexts.com/fpp2/},
	year={2018},
	publisher={OTexts},
	edition = {2}
}

@misc{bib:crashtransport,
	author = {Jacobs, P},
	title = {12 Reasons Why Flying Is The Safest Way To Travel},
	journal = {Business Insider, France},	
	howpublished={\url{https://www.businessinsider.fr/us/flying-is-still-the-safest-way-to-travel-2013-7}},
	pages = {},
	year = {2013},
	note = {Accessed March 16, 2019}
}

@misc{bib:crisp,
	author = {Smart Vision Europe},
	title = {What is the CRISP-DM methodology?},
	howpublished={\url{https://www.sv-europe.com/crisp-dm-methodology/}},
	pages = {},
	year = {2018},
	note = {Accessed March 14, 2019}
}
@misc{bib:dataset,
	title = {Historical Plane Crashes},
	howpublished={\url{https://www.kaggle.com/nguyenhoc/plane-crash}},
	pages = {},
	year = {2018},
	note = {Accessed January 22, 2019}
}

@book{bib:shumway2000time,
	title={Time Series Analysis and Its Applications},
	author={Shumway, R.H. and Stoffer, D.S.},
	isbn={9780387989501},
	lccn={99046583},
	series={Springer texts in statistics},
	url={https://books.google.fr/books?id=0fRcUmyhUIQC},
	year={2000},
	publisher={Springer}
}